@book{world2015global,
	title={Global status report on road safety 2015},
	author={World Health Organization},
	year={2015},
	publisher={World Health Organization}
}

@INPROCEEDINGS{8710108,
	
	author={Rajput, Nitin Singh},
	
	booktitle={2018 IEEE International Conference on Advanced Networks and Telecommunications Systems (ANTS)}, 
	
	title={Measurement of IEEE 802.11p Performance for Basic Safety Messages in Vehicular Communications}, 
	
	year={2018},
	
	volume={},
	
	number={},
	
	pages={1-4},
	
	doi={10.1109/ANTS.2018.8710108}}

@book{wolshon2016traffic,
	title={Traffic engineering handbook},
	author={Wolshon, Brian and Pande, Anurag and others},
	year={2016},
	publisher={John Wiley \& Sons}
}

\bibitem{team2020}
M. W. Student Competitions Team,
“Matlab and Simulink Racing Lounge: Vehicle Modeling”, MathWorks, 2020. [Online].
Available: https://de.mathworks.com/matlabcentral/fileexchange/63823-matlab-and-simulink-racing-lounge-vehicle-modeling. [Accessed: 11-Dec-2022].
