@ARTICLE{6994333,
	
	author={Kreutz, Diego and Ramos, Fernando M. V. and Ver√≠ssimo, Paulo Esteves and Rothenberg, Christian Esteve and Azodolmolky, Siamak and Uhlig, Steve},
	
	journal={Proceedings of the IEEE}, 
	
	title={Software-Defined Networking: A Comprehensive Survey}, 
	
	year={2015},
	
	volume={103},
	
	number={1},
	
	pages={14-76},
	
	keywords={Control systems;IP networks;Virtualization;Software  defined networking;Computer networks;Communication networks;Carrier-grade networks;dependability;flow-based networking;network hypervisor;network operating systems (NOSs);network virtualization;OpenFlow;programmable networks;programming languages;scalability;software-defined environments;software-defined networking (SDN)},
	
	doi={10.1109/JPROC.2014.2371999}}


@article{billing,
    url = "https://github.com/camaraproject/CarrierBillingCheckOut"
}

@article{localisation,
    url = "https://github.com/camaraproject/DeviceLocation"
}

@article{identity,
    url = "https://github.com/camaraproject/IdentityAndConsentManagement
}
